@misc{Blu5,
	title 			= {{Blue5}},
	howpublished	= "\url{http://www.blu5group.com/}",
}

@manual{SEcubeDS,
	editor 	= {Blu5},
	title 	= {SEcube Data Sheet introduction},
	year 	= {2015},
}

@manual{GetStart,
    author = "Airo, Giuseppe and Prinetto, Paolo and Carelli, Alberto and Somma, Giorgia and Varriale, Antonio ",
    title = {SEcube Development Kit: Getting Started},    
    year = {2017},
}

@book{L2UserMan,   
	 author = "Airo, Giuseppe and Prinetto, Paolo and Ferri, Nicola and Carelli, Alberto and Scalia, Giulio and Somma, Giorgia and Varriale, Antonio ",
    title = {SEcube Development Kit: L2 User Manual},    
    year = {2017},
}

@misc{Qt,
	title     		= {{About Qt}},
	howpublished 	= "\url{https://wiki.qt.io/About_Qt}",
}

@misc{QtC,
	title     		= {{Qt Creator}},
	howpublished 	= "\url{http://doc.qt.io/qtcreator/}",
}

@misc{SEcubeRes,
	title			= {{SEcube SDK}},
	howpublished 	= "\url{https://www.secube.eu/resources/}",
}

@misc{zxgit,
	title	= "zxcvbn: Low-Budget Password Strength Estimation, on github",
	url 	= "https://github.com/dropbox/zxcvbn",
}

@inproceedings {zxpaper,
	author = {Daniel Lowe Wheeler},
	title = {zxcvbn: Low-Budget Password Strength Estimation},
	booktitle = {25th {USENIX} Security Symposium ({USENIX} Security 16)},
	year = {2016},
	isbn = {978-1-931971-32-4},
	address = {Austin, TX},
	pages = {157--173},
	url = {https://www.usenix.org/conference/usenixsecurity16/technical-sessions/presentation/wheeler},
	publisher = {{USENIX} Association},
}

@misc{zxdropbox,
	title	= "zxcvbn: realistic password strength estimation",
	url 	= "https://blogs.dropbox.com/tech/2012/04/zxcvbn-realistic-password-strength-estimation/",
}


